% This file was created with JabRef 2.7b.
% Encoding: UTF-8

@ARTICLE{aguirre2013analisis,
  author = {Aguirre Buena{\~n}o, Tania Paola and Moncayo Alvarez, Andrea Isabel},
  title = {An{\'a}lisis de frameworks MVC de Java para el desarrollo de aplicciones
	web empresariales. Caso pr{\'a}ctico: Sistema de Bienestar Polit{\'e}cnico},
  year = {2013}
}

@ARTICLE{cumba2013analisis,
  author = {Cumba Armijos, Pa{\'u}l David and Barreno Pilco, Byron Augusto},
  title = {An{\'a}lisis de PYTHON con Django frente a Ruby on Rails para desarrollo
	{\'a}gil de aplicaciones web. Caso pr{\'a}ctico: DECH},
  year = {2013}
}

@ARTICLE{garrido2004arquitectura,
  author = {Garrido, Juan Salvador Castej{\'o}n},
  title = {Arquitectura y dise{\~n}o de sistemas web modernos},
  journal = {InforMAS, Revista de Ingenier{\'\i}a Inform{\'a}tica del CIIRM},
  year = {2004},
  number = {1}
}

@ARTICLE{jara2014estudio,
  author = {Jara Izurieta, Edison Mauricio},
  title = {Estudio comparativo de los frameworks TAPESTRY y WICKET para el desarrollo
	de aplicaciones web. Caso pr{\'a}ctico: Instituto Particular San
	Gabriel},
  year = {2014}
}

@BOOK{kappel2006web,
  title = {Web Engineering: The Discipline of Systematic Development of Web
	Applications},
  publisher = {Wiley},
  year = {2006},
  author = {Kappel, G. and Pr{\"o}ll, B. and Reich, S. and Retschitzegger, W.},
  isbn = {9780470028933},
  url = {http://books.google.es/books?id=DZySwN2S1JIC}
}

@ARTICLE{krasner1988mvc,
  author = {Krasner, G. and Pope, S.},
  title = {A Description of the Model-View-Controller User Interface Paradigm
	in the Smalltalk-80 System},
  journal = {Journal of Object Oriented Programming},
  year = {1988},
  volume = {1},
  pages = {26-49},
  number = {3},
  added-at = {2009-12-03T23:52:31.000+0100},
  biburl = {http://www.bibsonomy.org/bibtex/2ad8853a631d45255514cb6a8d1db8059/ekstrand},
  description = {Interactive app dev BibTeX},
  interhash = {32ca434b20b5f1ac83179fff77065370},
  intrahash = {ad8853a631d45255514cb6a8d1db8059},
  keywords = {pending},
  timestamp = {2009-12-03T23:52:31.000+0100},
  url = {http://citeseer.ist.psu.edu/krasner88description.html}
}

@BOOK{kuchana2004book,
  title = {Software architecture design patterns in Java},
  publisher = {Auerbach,},
  year = {2004},
  author = {Kuchana, Partha},
  address = {Boca Raton:}
}

@ARTICLE{McDonald2001a,
  author = {McDonald, A. and Welland, R},
  title = {A Survey of Web Engineering in Practice, Department of Computing
	ScienceTechnical Report R-2001-79},
  journal = {University of Glasgow, Scotland},
  year = {2001},
  owner = {libardo},
  timestamp = {2014.10.23}
}

@ARTICLE{mcdonald2001b,
  author = {McDonald, A. and Welland, R},
  title = {Web Engineering in Practice},
  journal = {Proc. of the 4th Workshop on Web Engineering (held in conjunction
	with the 10th international conference on WWW), Hong Kong},
  year = {2001},
  month = {May},
  owner = {libardo},
  timestamp = {2014.10.23}
}

@ARTICLE{moran2013analisis,
  author = {Mor{\'a}n Tapia, Mercedes Elena and Saltos, Moposita and Fernanda,
	Ximena},
  title = {An{\'a}lisis de frameworks de presentaci{\'o}n para el desarrollo
	de aplicaciones web en Java, Caso pr{\'a}ctico: GADPCH},
  year = {2013}
}

@ARTICLE{journalsRiehle00a,
  author = {Riehle, Dirk},
  title = {Framework Design: A Role Modeling Approach.},
  journal = {Softwaretechnik-Trends},
  year = {2000},
  volume = {20},
  number = {4},
  added-at = {2013-03-25T00:00:00.000+0100},
  biburl = {http://www.bibsonomy.org/bibtex/20e63bbaa8e73ee4fbccdec33b49a1fd2/dblp},
  ee = {http://pi.informatik.uni-siegen.de/stt/20_4/05_Dissertationen/Riehle.ps.gz},
  interhash = {7f434ff891b2a0f3aa5426e08f60a3b0},
  intrahash = {0e63bbaa8e73ee4fbccdec33b49a1fd2},
  keywords = {dblp},
  timestamp = {2013-03-25T00:00:00.000+0100},
  url = {http://dblp.uni-trier.de/db/journals/stt/stt20.html#Riehle00a}
}

@BOOK{sznajdleder2011java,
  title = {Java a fondo. Estudio del lenguaje y desarrollo de aplicaciones},
  publisher = {RA-MA S.A. Editorial y Publicaciones},
  year = {2011},
  author = {Sznajdleder, P.A.},
  isbn = {9788499640693},
  url = {http://books.google.com.co/books?id=3GWrpwAACAAJ}
}

@TECHREPORT{acenstechnologies2014,
  author = {Acens Technologies},
  title = {Framework para el desarrollo Ã¡gil de aplicaciones},
  institution = {Acens Technologies},
  year = {2014},
  owner = {libardo},
  timestamp = {2014.10.21},
  url = {http://www.acens.com/wp-content/images/2014/03/frameworks-white-paper-acens-.pdf}
}

@ARTICLE{valbuena2014guia,
  author = {Valbuena Aponte, Angela Mar{\'\i}a},
  title = {Gu{\'\i}a comparativa de Frameworks para los lenguajes HTML 5, CSS
	y JavaScript para el desarrollo de aplicaciones Web},
  year = {2014},
  publisher = {Universidad Tecnol{\'o}gica de Pereira}
}

@ARTICLE{villalobos2010diseno,
  author = {Villalobos, Gustavo Mart{\'\i}nez and S{\'a}nchez, Germ{\'a}n Dar{\'\i}o
	Camacho and Guti{\'e}rrez, Daniel Alberto Biancha},
  title = {Dise{\~n}o de framework web para el desarrollo din{\'a}mico de Aplicaciones},
  journal = {Scientia et Technica},
  year = {2010},
  volume = {1},
  pages = {178--183},
  number = {44}
}

@ARTICLE{zabala2010estudio,
  author = {Zabala Hidalgo, Ximena Liliana and Ochoa Iglesias, Cristian Leonidas},
  title = {Estudio de Frameworks para PHP e Integraci{\'o}n a una Herramienta
	IDE: Aplicado al Portal Web de la Comunidad Linux de la ESPOCH},
  year = {2010}
}

